@misc{gb7714,
  title={biblatex-gb7714-2015: a biblatex style package},
  howpublished={\url{https://github.com/hushidong/biblatex-gb7714-2015?tab=readme-ov-file#jumptotutorial}},
  author={{hushidong}},
  note={accessed Mar. 12, 2024}
}
